
<record>
  <controlfield tag="001">182984</controlfield>
  <datafield tag="024" ind1="7" ind2=" ">
    <subfield code="a">10.1109/TNS.1983.4332241</subfield>
    <subfield code="2">DOI</subfield>
    <subfield code="9">bibcheck</subfield>
  </datafield>
  <datafield tag="035" ind1=" " ind2=" ">
    <subfield code="z">D82-11559</subfield>
    <subfield code="9">DESY</subfield>
  </datafield>
  <datafield tag="035" ind1=" " ind2=" ">
    <subfield code="z">D83-13652</subfield>
    <subfield code="9">DESY</subfield>
  </datafield>
  <datafield tag="035" ind1=" " ind2=" ">
    <subfield code="a">Lindsey:1982ci</subfield>
    <subfield code="9">SPIRESTeX</subfield>
  </datafield>
  <datafield tag="035" ind1=" " ind2=" ">
    <subfield code="9">OSTI</subfield>
    <subfield code="a">5990485</subfield>
  </datafield>
  <datafield tag="245" ind1=" " ind2=" ">
    <subfield code="a">PERFORMANCE OF A DRIFT CHAMBER SYSTEM FOR THE TIME PROJECTION CHAMBER DETECTOR FACILITY AT PEP. (TALK)</subfield>
  </datafield>
  <datafield tag="710" ind1=" " ind2=" ">
    <subfield code="g">TPC/Two Gamma</subfield>
  </datafield>
</record>